<record xmlns="http://www.loc.gov/MARC21/slim" xmlns:xsi="http://www.w3.org/2001/XMLSchema-instance" xsi:schemaLocation="http://www.loc.gov/MARC21/slim http://www.loc.gov/standards/marcxml/schema/MARC21slim.xsd">

  <leader>01402nab a2200169   4500</leader>
  <controlfield tag="005">20170826062546.0</controlfield>
  <controlfield tag="008">150730b2002    cr f|||| |||| 00| 0 spa d</controlfield>
  <datafield tag="090" ind2=" " ind1=" ">
    <subfield code="a">REVIS 06.02.01</subfield>
  </datafield>
  <datafield ind1="1" ind2=" " tag="100">
    <subfield code="9">252</subfield>
    <subfield code="a">Villarreal Montoya, Ana Lucía</subfield>
  </datafield>
  <datafield tag="245" ind1="1" ind2="0">
    <subfield code="a">Abordaje conceptual sobre comunicación y género en educación /</subfield>
    <subfield code="c">Ana Lucía Villarreal Montoya</subfield>
  </datafield>
  <datafield tag="260" ind2=" " ind1=" ">
    <subfield code="a">San José, Costa Rica :</subfield>
    <subfield code="b">Editorial Universidad de Costa Rica,</subfield>
    <subfield code="c">2002</subfield>
  </datafield>
  <datafield tag="300" ind2=" " ind1=" ">
    <subfield code="a">páginas 83-102</subfield>
  </datafield>
  <datafield ind2=" " ind1=" " tag="520">
    <subfield code="a">Este artículo se origina en el desarrollo conceptual que se realiza como parte del proyecto de investigación Comportamiento Comunicacional de hombres y mujeres en el proceso educativo, el cual está en ejecución adscrito al Programa de Investigación en Educación y Género (PIEG), en el Instituto de Investigaciones para el Mejoramiento de la Educación Costarricense (IIMEC), de la facultad de Educación de la Universidad de Costa Rica. 
El objetivo general de la investigación consiste en analizar y visibilizar cómo se comunican y relacionan las actoras y los actores del proceso educativo, según su sexo/género, tanto en los espacios formales como informales en los cuales se desarrolla dicho proceso</subfield>
  </datafield>
  <datafield tag="650" ind1="1" ind2="4">
    <subfield code="9">1</subfield>
    <subfield code="a">EDUCACIÓN</subfield>
  </datafield>
  <datafield tag="773" ind2=" " ind1="0">
    <subfield code="d">San José, Costa Rica : Editorial de la Universidad de Costa Rica, 1997-</subfield>
    <subfield code="o">R0060</subfield>
    <subfield code="t">EDUCACIÓN: Revista de la Universidad de Costa Rica</subfield>
    <subfield code="g">Vol.26, no.1  (2002)</subfield>
  </datafield>
  <datafield tag="942" ind2=" " ind1=" ">
    <subfield code="2">z</subfield>
    <subfield code="c">10</subfield>
  </datafield>
  <datafield tag="999" ind2=" " ind1=" ">
    <subfield code="c">2747</subfield>
    <subfield code="d">2747</subfield>
  </datafield>
</record>